%% This BibTeX bibliography file was created using BibDesk.
%% http://bibdesk.sourceforge.net/


%% Created for Richard Peacock at 2008-07-01 15:00:16 -0400 


%% Saved with string encoding Unicode (UTF-8) 



@techreport{Bundy:2007,
	Author = {Bundy, M. and Hamins, A. and Johnsson, E. L. and Kim, C. K. and Ko, G. H. and Lenhert, D. B.},
	Date-Added = {2008-06-30 10:45:24 -0400},
	Date-Modified = {2008-06-30 10:47:45 -0400},
	Institution = {National Institute of Standards and Technology},
	Month = {July},
	Number = {1483},
	Title = {{Measurements of Heat and Combustion Products in Reduced-Scale Ventilation-Limited Compartment Fires}},
	Type = {Technical Note},
	Year = {2007}}

@article{Janssens:1992,
	Author = {Janssens, M.L. and Tran, H.C.},
	Date-Added = {2008-06-26 14:33:46 -0400},
	Date-Modified = {2008-07-01 14:51:49 -0400},
	Journal = {Journal of Fire Sciences},
	Pages = {528-555},
	Title = {{Data Reduction of Room Tests for Zone Model Validation}},
	Volume = {10},
	Year = {1992}}

@article{He:1998,
	Author = {He, Y. and Fernando, A. and Luo, M.},
	Date-Added = {2008-06-26 11:14:02 -0400},
	Date-Modified = {2008-07-01 14:53:14 -0400},
	Journal = {Fire Safety Journal},
	Pages = {19-38},
	Title = {{Determination of Interface Height from Measured Parameter Profile in Encolsure Fire Experiment}},
	Volume = {31},
	Year = {1998}}

@techreport{McGrattan:2003,
	Author = {McGrattan, K.B. and Forney, G. P.},
	Date-Added = {2008-06-26 11:02:39 -0400},
	Date-Modified = {2008-06-26 11:04:39 -0400},
	Institution = {National Institute of Standards and Technology},
	Month = {June},
	Number = {7013},
	Title = {{Fire Dynamics Simulator (Version 4), User's Guide}},
	Type = {NISTIR},
	Year = {2003}}

@techreport{Riese:2004,
	Author = {Riese, O. and Hosser, D.},
	Date-Added = {2008-06-26 09:32:19 -0400},
	Date-Modified = {2008-07-01 14:43:25 -0400},
	Institution = {Gesellschaft f{\"{u}}r Anlagen-und Reaktorsicherheit (GRS)},
	Month = {June},
	Number = {Revision 1},
	Title = {{Evaluation of Fire Model for Nuclear Power Plant Applications: Flame SPread in Cable Tray Fires}},
	Type = {Draft Version},
	Year = {2004}}

@techreport{Klein-Helbetaling:2005,
	Address = {K{\"{o}}ln, Germany},
	Author = {Klein-Hel${\beta}$ling, W. and R{\"{o}}wenkamp, M.},
	Date-Added = {2008-06-26 09:08:59 -0400},
	Date-Modified = {2008-06-26 09:32:06 -0400},
	Institution = {Gesellschaft f{\"{u}}r Anlagen-und Reaktorsicherheit (GRS)},
	Month = {May},
	Number = { },
	Read = {Yes},
	Title = {{Evaluation of Fire Models for Nuclear Power Plant Applications: Fuel Pool Fire Inside a Compartment}},
	Year = {2005}}

@techreport{NRCNUREG6850,
	Date-Added = {2008-06-10 09:35:31 -0400},
	Date-Modified = {2008-06-10 09:37:39 -0400},
	Institution = {{Electric Power Research Institute (EPRI), Palo Alto, CA, and U.S. Nuclear Regulatory Commission, Office of Nuclear Regulatory Research (RES), Rockville, MD}},
	Number = {{EPRI TR-1011989 and NUREG/CR-6850}},
	Title = {{EPRI/NRC-RES Fire PRA Methodology for Nuclear Power Facilities: Volume 2: Detailed Methodology}},
	Year = {2005}}

@manual{IEEE:730,
	Date-Added = {2008-05-19 13:01:15 -0400},
	Date-Modified = {2008-05-19 13:02:20 -0400},
	Edition = {{IEEE Std 730-2002}},
	Organization = {The Institute of Electrical and Electronics Engineers},
	Title = {IEEE Standard for Software Quality Assurance Plans},
	Year = {2002}}

@techreport{NRCNUREG1824_FDS,
	Address = {Rockville, MD},
	Date-Added = {2008-03-14 09:48:22 -0400},
	Date-Modified = {2008-07-01 14:40:31 -0400},
	Institution = {U. S. Nuclear Regulatory Commission, Office of Nuclear Regulatory Research},
	Number = {1824},
	Title = {{Verification and Validation of Selected Fire Models for Nuclear Power Plant Applications, Volume 7: FDS}},
	Type = {{NUREG}},
	Year = {2007}}

@techreport{Cooper:1991,
	Author = {Cooper, L. Y.},
	Date-Added = {2008-03-14 08:48:58 -0400},
	Date-Modified = {2008-07-01 14:56:12 -0400},
	Institution = {National Institute of Standards and Technology},
	Number = {4705},
	Title = {{Fire-Plume-Generated Ceiling Jet Characteristics and Convective Heat Transfer to Ceiling and Wall Surfaces in a Two-Layer Zone-Type Fire Environment}},
	Type = {NISTIR},
	Year = {1991}}

@techreport{Klote:1988,
	Author = {Klote, J. H.},
	Date-Added = {2008-03-06 20:11:03 -0500},
	Date-Modified = {2008-07-01 14:49:58 -0400},
	Institution = {National Bureau of Standards},
	Number = {88-3800},
	Title = {{Project Plan for Full Scale Smoke Movement and Smoke Control Tests}},
	Type = {NBSIR},
	Year = {1988}}

@book{Klote:1983,
	Author = {Klote, J. H. and Fothergill, J. W., Jr.},
	Date-Added = {2008-03-06 20:08:45 -0500},
	Date-Modified = {2008-07-01 14:50:10 -0400},
	Publisher = {American Society of Heating, Refrigerating, and Air-Conditioning Engineers, Inc},
	Title = {{Design of Smoke Control Systems for Buildings}},
	Year = {1983}}

@techreport{Klote:1990,
	Author = {Klote, J. H.},
	Date-Added = {2008-03-06 19:53:15 -0500},
	Date-Modified = {2008-07-01 14:50:25 -0400},
	Institution = {National Institute of Standards and Technology},
	Number = {90-4253},
	Title = {{Fire Experiments of Zoned Smoke Control at the {P}laza {H}otel in {W}ashington, {DC}}},
	Type = {NISTIR},
	Year = {1990}}

@techreport{Heskestad:1986,
	Author = {Heskestad, G. and Hill, J. P.},
	Date-Added = {2008-03-06 19:26:58 -0500},
	Date-Modified = {2008-07-01 14:52:22 -0400},
	Institution = {National Institute of Standards and Technology},
	Number = {86-502},
	Title = {{Experimental Fires in Multiroom/Corridor Enclosures}},
	Type = {NBS-GCR},
	Year = {1986}}

@techreport{Lee:1985,
	Author = {Lee, B. T.},
	Date-Added = {2008-03-04 15:29:50 -0500},
	Date-Modified = {2008-07-01 14:49:49 -0400},
	Institution = {National Bureau of Standards},
	Number = {85-2998},
	Title = {{Effect of Wall and Room Surfaces on the Rates of Heat, Smoke, and Carbon Monoxide Production in a Park Lodging Bedroom Fire}},
	Type = {NBSIR},
	Year = {1985}}

@techreport{EPRI,
	Address = {Palo Alto, CA},
	Date-Added = {2008-03-04 14:21:06 -0500},
	Date-Modified = {2008-07-01 14:40:51 -0400},
	Institution = {Electric Power Research Institute (EPRI)},
	Number = {108875},
	Title = {{Fire Modeling Code Comparison}},
	Type = {TR}}

@techreport{Peacock:1988,
	Author = {Peacock, R. D. and Davis, S. and Lee, B. T.},
	Date-Added = {2008-03-04 14:15:28 -0500},
	Date-Modified = {2008-07-01 14:44:00 -0400},
	Institution = {National Bureau of Standards},
	Number = {88-3752},
	Title = {{Experimental Data Set for the Accuracy Assessment of Room Fire Models}},
	Type = {NBSIR},
	Year = {1988}}

@techreport{Tewarson:1986,
	Author = {Tewarson, A.},
	Date-Added = {2008-03-04 13:06:49 -0500},
	Date-Modified = {2008-07-01 14:42:34 -0400},
	Institution = {National Institute of Standards and Technology},
	Number = {86-521},
	Title = {{Prediction of Fire Properties of Materials, Part 1}},
	Type = {NBS-GCR},
	Year = {1986}}

@techreport{Sandia:1989,
	Address = {Albuquerque, NM},
	Date-Added = {2008-03-04 12:50:58 -0500},
	Date-Modified = {2008-07-01 14:41:02 -0400},
	Institution = {Sandia National Laboratories},
	Title = {{A Summary of Nuclear Power Plant Fire Safety Research at Sandia National Laboratories 1975 - 1987}},
	Year = {1989}}

@techreport{Nowlen:1987,
	Address = {Albuquerque, NM},
	Author = {Nowlen, S. P.},
	Date-Added = {2008-03-04 12:48:54 -0500},
	Date-Modified = {2008-07-01 14:46:09 -0400},
	Institution = {Sandia National Laboratories},
	Number = {{NUREG/CR-4681, SAND86-1296}},
	Read = {Yes},
	Title = {{Enclosure Environment Characterization Testing for the Base line Validation of Computer Fire Simulation Codes}},
	Year = {1987}}

@techreport{Hamins:2003,
	Author = {Hamins, A. and Maranghides, A. and Mullholland, G. W.},
	Date-Added = {2008-03-04 12:22:19 -0500},
	Date-Modified = {2008-07-01 14:53:37 -0400},
	Institution = {National Institute of Standards and Technology},
	Number = {7013},
	Title = {{The Global Combustion Behavior of 1 MW to 3 MW Hydrocarbon Spray Fires Burning in an Open Environment}},
	Type = {NISTIR},
	Year = {2003}}

@techreport{Hamins:2005,
	Author = {Hamins, A. and Maranghides, A. and Johnsson, E. L. and Donnelly, M. K. and Yang, J. C. and Mullholland, G. W. and Anleitner, R. L.},
	Date-Added = {2008-03-04 11:56:07 -0500},
	Date-Modified = {2008-07-01 14:53:51 -0400},
	Institution = {National Institute of Standards and Technology},
	Number = {1013-1},
	Title = {{Report of Experimental Results for the International Fire Model Benchmarking and Validation Exercise \#3.}},
	Type = {Special Publication},
	Year = {2005}}

@article{Hamins:1991,
	Author = {Hamins, A. and Klassen, M. and Gore, J. and Kashiwagi, T.},
	Date-Added = {2008-03-04 11:36:03 -0500},
	Date-Modified = {2008-07-01 14:54:04 -0400},
	Journal = {Combustion and Flame},
	Pages = {223-228},
	Title = {{Estimate of Flame Radiance via a Single Location Measurement in Liquid Pool Fires}},
	Volume = {86},
	Year = {1991}}

@inproceedings{Hamins:1995,
	Address = {West Conshohocken, PA},
	Author = {Hamins, A. and Kashiwagi, T. and Buch, R.},
	Booktitle = {Fire Resistance of Industrial Fluids},
	Date-Added = {2008-03-03 15:36:28 -0500},
	Date-Modified = {2008-07-01 14:54:17 -0400},
	Editor = {Totten, G. and Reichel, J.},
	Pages = {15-41},
	Publisher = {American Society for Testing and Materials},
	Series = {ASTM STP 1284},
	Title = {{Characteristics of Pool Fire Burning}},
	Year = {1995}}

@incollection{Tewarson:2003,
	Address = {Quincy, MA},
	Author = {Tewarson, A.},
	Booktitle = {SFPE Handbook of Fire Protection Engineering},
	Chapter = {4-3},
	Date-Added = {2008-03-03 15:31:20 -0500},
	Date-Modified = {2008-07-01 14:42:48 -0400},
	Edition = {3rd},
	Editor = {DiNenno, P. J. and Drysdale, D. and Beyler, C. L. and Walton, W. D.},
	Publisher = {National Fire Protection Association and The Society of Fire Protection Engineers},
	Title = {{Generation of Heat and Chemical Compounds in Fires}},
	Year = {2003}}

@techreport{NRCNUREG1824Experimental,
	Address = {Rockville, MD},
	Date-Added = {2008-03-03 15:18:55 -0500},
	Date-Modified = {2008-07-01 14:41:13 -0400},
	Institution = {U. S. Nuclear Regulatory Commission, Office of Nuclear Regulatory Research},
	Number = {1824},
	Title = {{Verification and Validation of Selected Fire Models for Nuclear Power Plant Applications, Volume 2: Experimental Uncertainty}},
	Type = {{NUREG}},
	Year = {2007}}

@techreport{Hostikka:2001,
	Author = {Hostikka, S. and Kokkala, M. and Vaari, J.},
	Date-Added = {2008-03-03 14:56:45 -0500},
	Date-Modified = {2008-07-01 14:51:58 -0400},
	Institution = {VTT Building and Transport},
	Number = {2104},
	Title = {{Experimental Study of the Localized Room Fires, {NFDC2} Test Series}},
	Type = {VTT Research Notes},
	Year = {2001}}

@techreport{NRCNUREG1824_CFAST,
	Address = {Rockville, MD},
	Date-Added = {2008-03-03 14:32:40 -0500},
	Date-Modified = {2008-07-01 14:41:22 -0400},
	Institution = {U. S. Nuclear Regulatory Commission, Office of Nuclear Regulatory Research},
	Number = {1824},
	Title = {{Verification and Validation of Selected Fire Models for Nuclear Power Plant Applications, Volume 5: Consolidated Fire and Smoke Transport Model ({CFAST}),}},
	Type = {{NUREG}},
	Year = {2007}}

@techreport{NRCNUREG1824,
	Address = {Rockville, MD},
	Date-Added = {2008-03-03 14:29:47 -0500},
	Date-Modified = {2008-07-01 14:41:33 -0400},
	Institution = {U. S. Nuclear Regulatory Commission, Office of Nuclear Regulatory Research},
	Number = {1824},
	Title = {{Verification and Validation of Selected Fire Models for Nuclear Power Plant Applications, Volume 1: Main Report}},
	Type = {{NUREG}},
	Year = {2007}}

@techreport{Matsuyama:2000,
	Author = {Matsuyama, K. and Wakamatsu, T. and Harada, K.},
	Date-Added = {2008-03-03 13:51:41 -0500},
	Date-Modified = {2008-07-01 14:48:29 -0400},
	Institution = {National Institute of Standards and Technology},
	Number = {6588},
	Title = {{Systematic Experiments of Room and Corridor Smoke Filling for Use in Calibration of Zone and CFD Fire Models}},
	Type = {NISTIR},
	Year = {2000}}

@techreport{Madrzykowski:1992,
	Author = {Madrzykowski, D. and Vettori, R.},
	Date-Added = {2008-03-03 13:48:08 -0500},
	Date-Modified = {2008-07-01 14:48:42 -0400},
	Institution = {National Institute of Standards and Technology},
	Number = {4883},
	Title = {{A Sprinkler Fire Suppression Algorithm for the GSA Engineering Fire Assessment System}},
	Type = {NISTIR},
	Year = {1992}}

@article{Chow:1996a,
	Author = {Chow, W.},
	Date-Added = {2008-03-03 13:46:52 -0500},
	Date-Modified = {2008-07-01 14:57:25 -0400},
	Journal = {Journal of Fire Sciences},
	Pages = {466},
	Title = {{Performance of Sprinkler in Atria}},
	Volume = {14},
	Year = {1996}}

@article{Luo:1997,
	Author = {Luo, M.},
	Date-Added = {2008-03-03 13:45:32 -0500},
	Date-Modified = {2008-07-01 14:48:55 -0400},
	Journal = {Journal of Fire Sciences},
	Pages = {240},
	Title = {{One Zone or Two Zones in the Room of Fire Origin During Fires?}},
	Volume = {15},
	Year = {1997}}

@article{Chow:1995a,
	Author = {Chow, W.},
	Date-Added = {2008-03-03 11:24:42 -0500},
	Date-Modified = {2008-07-01 14:57:35 -0400},
	Journal = {Fire and Materials},
	Pages = {466},
	Title = {{Use of Zone Models on Simulating Compartmental Fires With Forced Ventilation}},
	Volume = {14},
	Year = {1995}}

@article{Bailey:2002,
	Author = {Bailey, J. L. and Forney, G. P. and Tatem, P. A. and Jones, W. W.},
	Date-Added = {2008-03-03 11:22:35 -0500},
	Date-Modified = {2008-07-01 14:59:09 -0400},
	Journal = {Journal of Fire Protection Engineering},
	Pages = {139},
	Title = {{Development and Validation of Corridor Flow Submodel for {CFAST}}},
	Volume = {12},
	Year = {2002}}

@techreport{Hoover:2001,
	Author = {Hoover, J. and Tatem, P. A.},
	Date-Added = {2008-03-03 11:19:00 -0500},
	Date-Modified = {2008-07-01 14:52:10 -0400},
	Institution = {Naval Research Laboratory},
	Number = {6180-01-8550},
	Title = {{Application of {CFAST} to Shipboard Fire Modeling. Part 3. Guidelines for Users}},
	Type = {NRL/ML},
	Year = {2001}}

@techreport{Peacock:2004,
	Author = {Peacock, R. D. and Averill, J. D. and Madrzykowski, D. and Stroup, D. W. and Reneke, P. A. and Bukowski, R. W.},
	Date-Added = {2008-03-03 11:16:24 -0500},
	Date-Modified = {2008-07-01 14:44:26 -0400},
	Institution = {National Institute of Standards and Technology},
	Number = {6563},
	Title = {{Fire Safety of Passenger Trains; Phase III: Evaluation of Fire Hazard Analysis Using Full-Scale Passenger Rail Car Tests}},
	Type = {NISTIR},
	Year = {2004}}

@inproceedings{Altinakar:1997,
	Address = {Aosta Valley, Italy},
	Author = {Altinakar, M. and Weatherhill, A. and Nasch, P.},
	Booktitle = {9th International Symposium on Aerodynamics and Ventilation of Vehicle Tunnels},
	Date-Added = {2008-03-03 10:51:27 -0500},
	Date-Modified = {2008-07-01 15:00:13 -0400},
	Editor = {Gillard, J. R.},
	Month = {October 6-8},
	Organization = {BHR Group},
	Pages = {623-639},
	Title = {{Use of a Zone Model in Predicting Fire and Smoke Propagation in Tunnels}},
	Year = {1997}}

@article{Chow:1992,
	Author = {Chow, W.},
	Date-Added = {2008-03-03 10:40:35 -0500},
	Date-Modified = {2008-07-01 14:57:45 -0400},
	Journal = {Journal of Applied Fire Science},
	Pages = {307},
	Title = {{Experimental Evaluation of the Zone Models {CFAST}, {FAST} and {CCFM.VENTS}}},
	Volume = {2},
	Year = {1992-1993}}

@article{Chow:1995,
	Author = {Chow, W.},
	Date-Added = {2008-03-03 10:39:40 -0500},
	Date-Modified = {2008-07-01 14:57:55 -0400},
	Journal = {Journal of Fire Sciences},
	Pages = {89},
	Title = {{Studies on Closed Chamber Fires}},
	Volume = {13},
	Year = {1995}}

@article{Lui:2003,
	Author = {Lui, G. and Chow, W.},
	Date-Added = {2008-03-03 10:37:32 -0500},
	Date-Modified = {2008-07-01 14:49:31 -0400},
	Journal = {International Journal on Engineering Performance-Based Fire Codes},
	Pages = {30},
	Title = {{A Short Note on Experimental Verification of Zone Models with an Electric Heater}},
	Volume = {5},
	Year = {2003}}

@techreport{FDS_Tech_Guide_5,
	Address = {Gaithersburg, Maryland},
	Author = {McGrattan, K.B. and Hostikka, S. and Floyd, J.E. and Baum, H.R. and Rehm, R.G.},
	Date-Added = {2008-03-03 10:35:44 -0500},
	Date-Modified = {2008-03-03 10:35:44 -0500},
	Institution = {National Institute of Standards and Technology},
	Month = {October},
	Number = {1018-5},
	Title = {{Fire Dynamics Simulator (Version 5), Technical Reference Guide}},
	Type = {NIST Special Publication},
	Year = 2007}

@techreport{Floyd:2002,
	Author = {Floyd, J.},
	Date-Added = {2008-03-03 10:31:04 -0500},
	Date-Modified = {2008-07-01 14:55:09 -0400},
	Institution = {National Institute of Standards and Technology},
	Number = {6866},
	Title = {{Comparison of CFAST and FDS for Fire Simulation With the HDR T51 and T52 Tests}},
	Type = {NISTIR},
	Year = {2002}}

@article{McCaffrey:1983,
	Author = {McCaffrey, B. J.},
	Date-Added = {2008-03-03 10:23:35 -0500},
	Date-Modified = {2008-07-01 14:47:46 -0400},
	Journal = {Combustion and Flame},
	Pages = {149},
	Title = {{Momentum Implications for Buoyant Diffusion Flames}},
	Volume = {52},
	Year = {1983}}

@article{Bukowski:1992,
	Author = {Bukowski, R. W.},
	Date-Added = {2008-03-03 10:07:04 -0500},
	Date-Modified = {2008-07-01 14:58:29 -0400},
	Journal = {Fire and Arson Investigator},
	Pages = {36},
	Title = {{Analysis of the Happyland Social Club Fire with HAZARD I}},
	Volume = {42},
	Year = {1992}}

@article{Chow:1996,
	Author = {Chow, W.},
	Date-Added = {2008-03-03 10:05:19 -0500},
	Date-Modified = {2008-07-01 14:58:04 -0400},
	Journal = {Journal of Applied Fire Science},
	Number = {3},
	Pages = {243-268},
	Title = {{Preliminary Studies of a Large Fire in Hong Kong}},
	Volume = {6},
	Year = {1996/1997}}

@article{Bukowski:1996,
	Author = {Bukowski, R. W.},
	Date-Added = {2008-03-03 10:03:46 -0500},
	Date-Modified = {2008-07-01 14:58:42 -0400},
	Journal = {Fire Engineers Journal},
	Number = {185},
	Pages = {14-17},
	Title = {{Modeling a Backdraft Incident: The 62 Watts Street (New York) Fire}},
	Volume = {56},
	Year = {1996}}

@article{Rockett:1985,
	Author = {Rockett, J. A. and Morita, M.},
	Date-Added = {2008-03-03 10:01:37 -0500},
	Date-Modified = {2008-07-01 14:43:15 -0400},
	Journal = {Fire Science and Technology},
	Number = {2},
	Pages = {159-164},
	Title = {{The NBS Harvard VI Multi-room Fire Simulation}},
	Volume = {5},
	Year = {1985}}

@article{Jones:1985,
	Author = {Jones, W. W.},
	Date-Added = {2008-03-03 09:59:50 -0500},
	Date-Modified = {2008-07-01 14:50:43 -0400},
	Journal = {Fire Safety Journal},
	Number = {1},
	Pages = {172},
	Title = {{Multicompartment Model for the Spread of Fire, Smoke and Toxic Gases}},
	Volume = {9},
	Year = {1985}}

@techreport{Hagglund:1980,
	Author = {H\"{a}gglund, B.},
	Date-Added = {2008-02-28 16:20:57 -0500},
	Date-Modified = {2008-07-01 14:54:28 -0400},
	Institution = {Forsvarets Forkningsanstalt},
	Number = {C 202369-A3},
	Title = {{Estimating Flashover Potential in Residential Rooms}},
	Type = {FOA Rapport},
	Year = {1980}}

@article{McCaffrey:1981uq,
	Author = {McCaffrey, B. J. and Quintiere, J. G. and Harkleroad, M. F.},
	Date-Added = {2008-02-28 16:12:18 -0500},
	Date-Modified = {2008-07-01 14:48:02 -0400},
	Journal = {Fire Technology},
	Number = {2},
	Pages = {98-119},
	Title = {{Estimating Room Temperatures and the Likelihood of Flashover Using Fire Test Data Correlations}},
	Volume = {17},
	Year = {1981}}

@article{Thomas:1981fk,
	Author = {Thomas, P. H.},
	Date-Added = {2008-02-28 16:10:26 -0500},
	Date-Modified = {2008-07-01 14:42:23 -0400},
	Journal = {Fire and Materials},
	Pages = {103-111},
	Title = {{Testing Products and Materials for Their Contribution to Flashover in Rooms}},
	Volume = {5},
	Year = {1981}}

@article{Valid:DealandBeyler,
	Author = {Deal, S. and Beyler, C.,},
	Date-Added = {2008-02-28 16:07:38 -0500},
	Date-Modified = {2008-07-01 14:55:39 -0400},
	Journal = {Journal of Fire Protection Engineering},
	Number = {2},
	Pages = {33-48},
	Title = {{Correlating Preflashover Room Fire Temperatures}},
	Volume = {2},
	Year = {1990}}

@article{Valid:Babrauskas_Flashover,
	Author = {Babrauskas, V.},
	Date-Added = {2008-02-28 16:04:30 -0500},
	Date-Modified = {2008-07-01 14:59:53 -0400},
	Journal = {Journal of Fire Sciences},
	Month = {January/February},
	Number = {1},
	Pages = {5-19},
	Title = {{Upholstered Furniture Room Fires--Measurements, Comparison with Furniture Calorimeter Data, and Flashover Predictions}},
	Volume = {2},
	Year = {1984}}

@article{Valid:Peacock_Flashover_2,
	Author = {Babrauskas, V. and Peacock, R. D. and Reneke, P. A.},
	Date-Added = {2008-02-28 15:37:14 -0500},
	Date-Modified = {2008-07-01 15:00:04 -0400},
	Journal = {Fire Safety Journal},
	Pages = {613-622},
	Title = {{Defining Flashover for Fire Hazard Calculations: Part II}},
	Volume = {38},
	Year = {2003}}

@article{Valid:Peacock_Flashover_1,
	Author = {Peacock, R. D. and Reneke, P. A. and Bukowski, R. W. and Babrauskas, V.},
	Date-Added = {2008-02-28 15:35:46 -0500},
	Date-Modified = {2008-07-01 14:44:48 -0400},
	Journal = {Fire Safety Journal},
	Number = {4},
	Pages = {331-345},
	Title = {{Defining Flashover for Fire Hazard Calculations}},
	Volume = {32},
	Year = {1999}}

@article{Valid:White,
	Author = {White, D. and Beyler, C., and Scheffrey, J. and Williams, F.},
	Date-Added = {2008-02-28 15:31:55 -0500},
	Date-Modified = {2008-07-01 14:42:00 -0400},
	Journal = {Journal of Fire Protection Engineering},
	Title = {{Modeling the Impact of Post-Flashover Shipboard Fires on Adjacent Spaces}},
	Volume = {10},
	Year = {2000}}

@article{Valid:Collier,
	Author = {Collier, P.},
	Date-Added = {2008-02-28 15:30:29 -0500},
	Date-Modified = {2008-07-01 14:57:13 -0400},
	Journal = {Fire Technology},
	Month = {August/September},
	Pages = {195},
	Title = {{Fire in a Residential Building: Comparisons Between Experimental Data and a Fire Zone Model}},
	Volume = {32},
	Year = {1996}}

@article{Valid:Luo_Flashover,
	Author = {Luo, M. and He, Y. and Beck, V.},
	Date-Added = {2008-02-28 15:28:06 -0500},
	Date-Modified = {2008-07-01 14:49:07 -0400},
	Journal = {Fire Safety Journal},
	Pages = {1},
	Title = {{Application of Field Model and Two-Zone Model to Flashover Fires in a Full-Scale Multi-Room Single Level Building}},
	Volume = {29},
	Year = {1997}}

@article{Valid:Chow_Flashover,
	Author = {Chow, W.},
	Date-Added = {2008-02-28 15:22:28 -0500},
	Date-Modified = {2008-07-01 14:58:13 -0400},
	Journal = {Journal of Fire Sciences},
	Month = {September/October},
	Pages = {335},
	Title = {{Predicability of Flashover by Zone Models}},
	Volume = {16},
	Year = {1988}}

@article{Models:BRI,
	Author = {Tanaka, T.},
	Date-Added = {2008-02-28 15:09:10 -0500},
	Date-Modified = {2008-07-01 14:43:03 -0400},
	Journal = {Fire Science and Technology},
	Number = {2},
	Pages = {105-121},
	Title = {{Model of Multiroom Fire Spread}},
	Volume = {3},
	Year = {1983}}

@article{Valid:Duong,
	Author = {Duong, D. Q.},
	Date-Added = {2008-02-28 15:03:13 -0500},
	Date-Modified = {2008-07-01 14:55:19 -0400},
	Journal = {Fire Safety Journal},
	Pages = {415},
	Title = {{The Accuracy of Computer Fire Models: Some Comparisons with Experimental Data from Australia}},
	Volume = {16},
	Year = {1990}}

@techreport{Valid:Levine,
	Author = {Levine, R. S. and Nelson, H. E.},
	Date-Added = {2008-02-28 15:00:22 -0500},
	Date-Modified = {2008-07-01 14:49:39 -0400},
	Institution = {National Institute of Standards and Technology},
	Number = {90-4168},
	Title = {{Full Scale Simulation of a Fatal Fire and Comparison of Results with Two Multiroom Models}},
	Type = {NISTIR},
	Year = {1990}}

@inproceedings{Valid:Jones,
	Address = {Tokyo, Japan},
	Author = {Jones, W. W. and Peacock, R. D.},
	Booktitle = {Fire Safety Science. Proceedings. 2nd International Symposium},
	Date-Added = {2008-02-28 14:54:54 -0500},
	Date-Modified = {2008-07-01 14:50:52 -0400},
	Editor = {Wakamatsu, T. and Hasemi, Y. and Sekizawa, A. and Seeger, P. G. and Pagni, P. J. and Grant, C. E.},
	Month = {June 13-17},
	Organization = {International Association for Fire Safety Science},
	Pages = {897-906},
	Publisher = {Hemisphere Publishing Corporation},
	Title = {{Refinement and Experimental Verification of a Model for Fire Growth and Smoke Transport}},
	Year = {1988}}

@techreport{Models:FPETool,
	Author = {Nelson, H. E.},
	Date-Added = {2008-02-28 13:04:49 -0500},
	Date-Modified = {2008-07-01 14:46:54 -0400},
	Institution = {National Institute of Standards and Technology},
	Number = {4380},
	Title = {{FPETOOL: Fire Protection Engineering Tools for Hazard Estimation}},
	Type = {NISTIR},
	Year = {1990}}

@techreport{Models:FAST,
	Author = {Jones, W. W. and Peacock, R. D.},
	Date-Added = {2008-02-28 13:03:22 -0500},
	Date-Modified = {2008-07-01 14:51:03 -0400},
	Institution = {National Institute of Standards and Technology},
	Number = {1262},
	Title = {{Technical Reference Guide for FAST Version 18}},
	Type = {Technical Note},
	Year = {1989}}

@techreport{Models:FIRST,
	Author = {Mitler, H. E. and Rockett, J. A.},
	Date-Added = {2008-02-28 12:55:36 -0500},
	Date-Modified = {2008-07-01 14:47:29 -0400},
	Institution = {National Institute of Standards and Technology},
	Month = {September},
	Number = {87-3595},
	Title = {{Users' Guide to FIRST, A Comprehensive Single-Room Fire Model}},
	Type = {NBSIR},
	Year = {1987}}

@techreport{Models:CCFM,
	Author = {Cooper, L. Y. and Forney, G. P.},
	Date-Added = {2008-02-28 12:51:43 -0500},
	Date-Modified = {2008-07-01 14:56:57 -0400},
	Institution = {National Institute of Standards and Technology},
	Number = {4342},
	Title = {{The Consolidated Compartment Fire Model ({CCFM}) Computer Application {CCFM-VENTS} -- Part {I}: Physical Reference Guide}},
	Type = {NISTIR},
	Year = {1990}}

@inproceedings{Valid:Deal,
	Address = {Ponte Verde Beach, Florida},
	Author = {Deal, S.},
	Booktitle = {Proceedings of the Annual Meeting of the Fire Retardant Chemicals Association},
	Date-Added = {2008-02-28 12:46:21 -0500},
	Date-Modified = {2008-07-01 14:55:48 -0400},
	Month = {October 21-24},
	Organization = {Fire Retardant Chemicals Association},
	Pages = {33-51},
	Title = {{A Review of Four Compartment Fires with Four Compartment Fire Models}},
	Volume = {Fire Safety Developments and Testing},
	Year = {1990}}

@article{Valid:Davis_Plumes,
	Author = {Davis, W. D.},
	Date-Added = {2008-02-28 11:16:06 -0500},
	Date-Modified = {2008-07-01 14:55:59 -0400},
	Journal = {Journal of Fire Protection Engineering},
	Pages = {9},
	Title = {{Comparison of Algorithms to Calculate Plume Centerline Temperature and Ceiling Jet Temperature With Experiments}},
	Volume = {12},
	Year = {2002}}

@article{Valid:Bailey_Vertical_Heat,
	Author = {Bailey, J. L. and Tatem, P. A. and Jones, W. W. and Forney, G. P.},
	Date-Added = {2008-02-28 10:47:59 -0500},
	Date-Modified = {2008-07-01 14:59:19 -0400},
	Journal = {Fire Technology},
	Number = {2},
	Pages = {139},
	Title = {{Development of an Algorithm to Predict Vertical Heat Transfer Trough Ceiling/Floor Conduction}},
	Volume = {34},
	Year = {1998}}

@techreport{Valid:Bailey_Shadwell,
	Author = {Bailey, J. and Tatem, P.},
	Date-Added = {2008-02-28 10:44:59 -0500},
	Date-Modified = {2008-07-01 14:59:37 -0400},
	Institution = {Naval Research Laboratory},
	Number = {NRL/MR/6180-95-7781},
	Title = {{Validation of Fire/Smoke Spread Model {(CFAST)} Using Ex-{USS SHADWELL} Internal Ship Conflagration Control ({ISCC}) Fire Tests}},
	Year = {1995}}

@techreport{Valid:Poole,
	Author = {Poole, G. M. and Weckman, E. J. and Strong, A. B.},
	Date-Added = {2008-02-28 10:43:43 -0500},
	Date-Modified = {2008-07-01 14:43:35 -0400},
	Institution = {National Institute of Standards and Technology},
	Number = {5499},
	Title = {{Fire Growth Rates in Structural Fires}},
	Type = {NISTIR},
	Year = {1994}}

@article{Valid:Luo,
	Author = {Luo, M. and He, Y. and Beck, V.},
	Date-Added = {2008-02-28 10:29:54 -0500},
	Date-Modified = {2008-07-01 14:49:19 -0400},
	Journal = {Journal of Applied Fire Science},
	Number = {4},
	Pages = {357},
	Title = {{Comparison of Existing Fire Model Predictions With Experimental Results From Real Fire Scenarios}},
	Volume = {6},
	Year = {1996/1997}}

@article{Valid:He,
	Author = {He, Y. and Beck, V.},
	Date-Added = {2008-02-28 10:28:45 -0500},
	Date-Modified = {2008-07-01 14:53:24 -0400},
	Journal = {Fire Safety Journal},
	Number = {2},
	Pages = {139},
	Title = {{Smoke Spread Experiment in a Multi-Storey Building and Computer Modeling}},
	Volume = {28},
	Year = {1997}}

@inproceedings{Valid:Pitts,
	Address = {West Conshohocken, PA},
	Author = {Pitts, W. M. and Braun, E. and Peacock, R. D. and Mitler, H. E. and Johnsson, E. L. and Reneke, P. A. and Blevins, L. G.},
	Booktitle = {Thermal Measurements: The Foundation of Fire Standards},
	Date-Added = {2008-02-28 10:23:08 -0500},
	Date-Modified = {2008-07-01 14:43:46 -0400},
	Organization = {American Society for Testing and Materials},
	Series = {Special Technical Publication 1427},
	Title = {{Temperature Uncertainties for Bare-Bead and Aspirated Thermocouple Measurements in Fire Environments}},
	Year = {2001}}

@manual{UBC,
	Address = {Whittier, CA},
	Date-Added = {2008-02-28 10:21:26 -0500},
	Date-Modified = {2008-02-28 10:22:35 -0500},
	Organization = {International Conference of Building Officials},
	Title = {1997 Uniform Building Code},
	Year = {1997}}

@article{Valid:Dempsey,
	Author = {Dempsey, N. A. and Pagni, P. J. and Williamson, R. B.},
	Date-Added = {2008-02-28 10:11:53 -0500},
	Date-Modified = {2008-07-01 14:55:31 -0400},
	Journal = {Fire Safety Journal},
	Number = {3},
	Pages = {187},
	Title = {{Compartment Fire Experiments: Comparison With Models}},
	Volume = {25},
	Year = {1995}}

@inbook{DASSL,
	Address = {New York},
	Author = {Brenan, K. E., Campbell, S. L., and Petzold, L. R.},
	Date-Added = {2008-02-27 15:58:55 -0500},
	Date-Modified = {2008-07-01 14:58:52 -0400},
	Publisher = {Elsevier Science Publishing},
	Title = {{Numerical Solution of Initial-Value Problems in Differential-Algebraic Equations}},
	Year = {1989}}

@techreport{Forney_radiation,
	Author = {Forney, G. P.},
	Date-Added = {2008-02-27 15:53:18 -0500},
	Date-Modified = {2008-07-01 14:54:36 -0400},
	Institution = {National Institute of Standards and Technology},
	Number = {4709},
	Title = {{Computing Radiative Heat Transfer Occurring in a Zone Fire Model}},
	Type = {NISTIR},
	Year = {1991}}

@techreport{CFAST_Users_Guide_6,
	Address = {Gaithersburg, Maryland},
	Author = {Peacock, R. D. and Jones, W. W. and Reneke, P. A. and Forney, G. P.},
	Date-Added = {2008-02-21 12:45:02 -0500},
	Date-Modified = {2008-07-01 14:45:58 -0400},
	Institution = {National Institute of Standards and Technology},
	Month = {December},
	Number = {1041},
	Title = {{CFAST} -- {Consolidated Model of Fire Growth and Smoke Transport (Version 6): User's Guide}},
	Type = {Special Publication},
	Year = 2005}

@manual{ASTM:E1355,
	Address = {West Conshohocken, Pennsylvania},
	Date-Added = {2008-02-21 09:45:30 -0500},
	Date-Modified = {2008-02-21 09:45:30 -0500},
	Organization = {American Society for Testing and Materials},
	Title = {{ASTM E 1355-04, Standard Guide for Evaluating the Predictive Capabilities of Deterministic Fire Models}},
	Year = 2004}

@techreport{Smokeview_Users_Guide_5,
	Address = {Gaithersburg, Maryland},
	Author = {Forney, G. P.},
	Date-Added = {2008-02-21 09:34:21 -0500},
	Date-Modified = {2008-07-01 14:54:47 -0400},
	Institution = {National Institute of Standards and Technology},
	Month = {August},
	Number = {1017-1},
	Title = {{User's Guide for Smokeview Version 5 - A Tool for Visualizing Fire Dynamics Simulation Data}},
	Type = {Special Publication},
	Year = 2007}

@techreport{CFAST_Tech_Guide_6,
	Address = {Gaithersburg, Maryland},
	Author = {Jones, W. W. and Peacock, R. D. and Forney, G. P. and Reneke, P. A.},
	Date-Added = {2008-02-21 09:34:21 -0500},
	Date-Modified = {2008-07-01 14:51:38 -0400},
	Institution = {National Institute of Standards and Technology},
	Month = {July},
	Number = {1026},
	Title = {{CFAST} -- {Consolidated Model of Fire Growth and Smoke Transport (Version 6): Technical Reference Guide}},
	Type = {Special Publication},
	Year = 2008}

@techreport{Smokeview_Tech_Guide_5,
	Address = {Gaithersburg, Maryland},
	Author = {Forney, G. P.},
	Date-Added = {2008-02-21 09:34:21 -0500},
	Date-Modified = {2008-07-01 14:55:01 -0400},
	Institution = {National Institute of Standards and   Technology},
	Month = {June},
	Number = {1077},
	Title = {{Smokeview (Version 5) Technical Reference Guide}},
	Type = {Special Publication},
	Year = 2007}
